

%%%%%%%%%%%%%%%%%%%%%%%%%%%%%%%%%%%%
%%%%%        RV          %%%%%%%%%%%
%%%%%%%%%%%%%%%%%%%%%%%%%%%%%%%%%%%%

@inproceedings{kuntz2015middlevr,
  title={MiddleVR a generic VR toolbox},
  author={Kuntz, Sebastien},
  booktitle={Virtual Reality (VR), 2015 IEEE},
  pages={391--392},
  year={2015},
  organization={IEEE}
}

@book{burdea2003virtual,
  title={Virtual reality technology},
  author={Burdea, Grigore C and Coiffet, Philippe},
  volume={1},
  year={2003},
  publisher={John Wiley \& Sons}
}

@article{PATEL2017266.e7,
title = "Simulation based teaching in interventional radiology training: is it effective?",
journal = "Clinical Radiology",
volume = "72",
number = "3",
pages = "266.e7 - 266.e14",
year = "2017",
issn = "0009-9260",
doi = "10.1016/j.crad.2016.10.014",
author = "R. Patel and R. Dennick"
}

@misc{piloto,
  title={Ruta formativa del grado Piloto de aviación comercial y operaciones aéreas},
  author={Universidad de Alicante},
  year={2017},
  howpublished ={\url{https://eps.ua.es/va/piloto-aviacion-comercial-operaciones-aereas/documentos/documents/grau-propi-pilot.pdf}},
note = {Consulta: Octubre 2018}
}

@book{lee2017flight,
  title={Flight Simulation: Virtual Environments in Aviation},
  author={Lee, Alfred T},
  year={2017},
  publisher={Routledge}
}

@misc{normativa,
  title={Reglamento de la comisión europea sobre licencias de piloto},
  author={European Aviation Safety Agency EASA},
  year={2011},
  howpublished ={\url{https://www.easa.europa.eu/sites/default/files/dfu/EASA_2010_00150001_ES_TRA.pdf}},
note = {Consulta: Noviembre 2018}
}

@article{korzeniowski2018vcsim3,
  title={VCSim3: a VR simulator for cardiovascular interventions},
  author={Korzeniowski, Przemyslaw and White, Ruth J and Bello, Fernando},
  journal={International journal of computer assisted radiology and surgery},
  volume={13},
  number={1},
  pages={135--149},
  year={2018},
  publisher={Springer}
}

@article{cecil2017advanced,
  title={An advanced simulator for orthopedic surgical training},
  author={Cecil, J and Gupta, Avinash and Pirela-Cruz, Miguel},
  journal={International journal of computer assisted radiology and surgery},
  pages={1--15},
  year={2017},
  publisher={Springer}
}




%%%%%%%%%%%%%%%%%%%%%%%%%%%%%%%%%%%%%
%%%%%%%%%% RASIMAS %%%%%%%%%%%%%%
%%%%%%%%%%%%%%%%%%%%%%%%%%%%%%%%%%
@misc{rasimasweb,
  title={RASimAs project},
  author={Unión Europea},
  year={2013},
  howpublished ={\url{http://rasimas.imib.rwth-aachen.de}},
note = {Consulta: Junio 2018}
}
@misc{CVraisra,
  title={Foundation Level Peripheral Nerve Block Course},
  author={Irish Society For Regional Anaesthesia},
  year={2013},
  howpublished ={\url{http://rasimas.imib.rwth-aachen.de/member_area/documents_ma/Extra_Material/ISRA_Anaesthesia_Foundation_Course_Book_v1_to_print_for_ISRA_course_Oct_2_2014.pdf}},
note = {Consulta: Octubre 2018}
}


@article {PMID:26695878,
	Title = {The Second American Society of Regional Anesthesia and Pain Medicine Evidence-Based Medicine Assessment of Ultrasound-Guided Regional Anesthesia: Executive Summary},
	Author = {Neal, Joseph M and Brull, Richard and Horn, Jean-Louis and Liu, Spencer S and McCartney, Colin J L and Perlas, Anahi and Salinas, Francis V and Tsui, Ban Chi-Ho},
	DOI = {10.1097/aap.0000000000000331},
	Number = {2},
	Volume = {41},
	Year = {2016},
	Journal = {Regional anesthesia and pain medicine},
	ISSN = {1098-7339},
	Pages = {181—194}
}

@Article{Tsui2007,
author="Tsui, Ban C. H.
and Dillane, Derek
and Pillay, Jennifer
and Ramji, Al-Karim
and Walji, Anil H.",
title="Cadaveric ultrasound imaging for training in ultrasound-guided peripheral nerve blocks: Lower extremity",
journal="Canadian Journal of Anesthesia",
year="2007",
month="Jun",
day="01",
volume="54",
number="6",
pages="475",
issn="1496-8975",
doi="10.1007/BF03022035"
}

@article{phantomra,
author = {Brascher, Anne-Kathrin and Blunk, James Allen and Bauer, Katrin and Feldmann, Jr. ,Robert and Benrath, Justus},
title = {Comprehensive Curriculum for Phantom-Based Training of Ultrasound-Guided Intercostal Nerve and Stellate Ganglion Blocks},
journal = {Pain Medicine},
volume = {15},
number = {10},
pages = {1647-1656},
year = {2014},
doi = {10.1111/pme.12365}
}



@inproceedings{Law2015,
 author = {Law, Yuen C. and Knott, Thomas and Pick, Sebastian and Weyers, Benjamin and Kuhlen, Torsten W.},
 title = {Simulation-based Ultrasound Training Supported by Annotations, Haptics and Linked Multimodal Views},
 booktitle = {Proceedings of the Eurographics Workshop on Visual Computing for Biology and Medicine},
 series = {VCBM '15},
 year = {2015},
 isbn = {978-3-905674-82-8},
 location = {Chester, United Kingdom},
 pages = {167--176},
 numpages = {10},
 url = {http://dx.doi.org/10.2312/vcbm.20151220},
 doi = {10.2312/vcbm.20151220},
 acmid = {2853978},
 publisher = {Eurographics Association},
 address = {Aire-la-Ville, Switzerland, Switzerland},
} 


@article{needleinsertion,
  author    = {Huu Phuoc Bui and
               Satyendra Tomar and
               R{\'{e}}mi Bessard{-}Duparc and
               Hadrien Courtecuisse and
               St{\'{e}}phane Cotin and
               St{\'{e}}phane P. A. Bordas},
  title     = {Real-time error controlled adaptive mesh refinement: Application to
               needle insertion simulation},
  journal   = {CoRR},
  volume    = {abs/1610.02570},
  year      = {2016},
  url       = {http://arxiv.org/abs/1610.02570},
  archivePrefix = {arXiv},
  eprint    = {1610.02570},
  timestamp = {Wed, 07 Jun 2017 14:41:51 +0200},
  biburl    = {https://dblp.org/rec/bib/journals/corr/BuiTBCCB16},
  bibsource = {dblp computer science bibliography, https://dblp.org}
}

@misc{sensegraphics2012open,
  title={Open Source Haptics—H3D. org},
  author={SenseGraphics, AB},
  year={2012},
  howpublished ={\url{http://www. h3dapi. org}},
note = {Consulta: Junio 2018}
}

@inproceedings{sujar:hal,
  TITLE = {{gVirtualXRay: Virtual X-Ray Imaging Library on GPU}},
  AUTHOR = {Sujar, Aaron and Meuleman, Andreas and Villard, Pierre-Fr{\'e}d{\'e}ric and Garcia, Marcos and Vidal, Franck P.},
  URL = {https://hal.archives-ouvertes.fr/hal-01588532},
  BOOKTITLE = {{Computer Graphics and Visual Computing }},
  ADDRESS = {Manchester, United Kingdom},
  EDITOR = {Tao Ruan Wan and Franck Vidal},
  PUBLISHER = {{The Eurographics Association}},
  SERIES = {Computer Graphics and Visual Computing },
  PAGES = {61-68},
  YEAR = {2017},
  MONTH = Sep,
  DOI = {10.2312/cgvc.20171279},
  KEYWORDS = {:},
  PDF = {https://hal.archives-ouvertes.fr/hal-01588532/file/EGUK_organ_rendering_final.pdf},
  HAL_ID = {hal-01588532},
  HAL_VERSION = {v1},
}

@article{villard2014interventional,
  title={Interventional radiology virtual simulator for liver biopsy},
  author={Villard, Pierre-Fr{\'e}d{\'e}ric and Vidal, Franck Patrick and Ap Cenydd, Llyr and Holbrey, Richard and Pisharody, S and Johnson, Sheena and Bulpitt, Andy and John, Nigel W and Bello, Fernando and Gould, Daniel},
  journal={International journal of computer assisted radiology and surgery},
  volume={9},
  number={2},
  pages={255--267},
  year={2014},
  publisher={Springer}
}

@article{Willaert2012,
  year={2012},
  issn={0364-2313},
  journal={World Journal of Surgery},
  volume={36},
  number={7},
  doi={10.1007/s00268-012-1489-0},
  title={Recent Advancements in Medical Simulation: Patient-Specific Virtual Reality Simulation},
  url={http://dx.doi.org/10.1007/s00268-012-1489-0},
  publisher={Springer-Verlag},
  author={Willaert, WillemI.M. and Aggarwal, Rajesh and Van Herzeele, Isabelle and Cheshire, NicholasJ. and Vermassen, FrankE.},
  pages={1703-1712},
  language={English}
}

@article{Votta2013,
  title={Toward patient-specific simulations of cardiac valves: state-of-the-art and future directions},
  author={Votta, Emiliano and Le, Trung Bao and Stevanella, Marco and Fusini, Laura and Caiani, Enrico G and Redaelli, Alberto and Sotiropoulos, Fotis},
  journal={Journal of biomechanics},
  volume={46},
  number={2},
  pages={217--228},
  year={2013},
  publisher={Elsevier}
}